@book{Cook1979,
title = "Quasi-Experimentation: Design and Analysis Issues for Field Settings",
author = "Cook, {Thomas D} and Campbell, {D T}",
year = "1979",
language = "English",
publisher = "Houghton Mifflin",
}