@book{Cook1979,
title = "Quasi-Experimentation: Design and Analysis Issues for Field Settings",
author = "Cook, {Thomas D} and Campbell, {D T}",
year = "1979",
language = "English",
publisher = "Houghton Mifflin",
}
@book{mill1884,
  title={A system of logic, ratiocinative and inductive: Being a connected view of the principles of evidence and the methods of scientific investigation},
  author={Mill, John Stuart},
  volume={1},
  year={1884},
  publisher={Longmans, green, and Company}
}

@book{hume1748,
  title={An enquiry concerning human understanding},
  author={Hume, David},
  year={1748}
}